<?xml version="1.0" encoding="UTF-8"?>
<collection xmlns="http://www.loc.gov/MARC21/slim">
  <record>
    <leader>01482cam a2200301 a 4500</leader>
    <controlfield tag="001">33408</controlfield>
    <controlfield tag="005">20030506105118.0</controlfield>
    <controlfield tag="008">910621s1990    dcu          f000 0 eng  </controlfield>
    <datafield tag="035" ind1=" " ind2=" ">
      <subfield code="9">(DLC)   90602869</subfield>
    </datafield>
    <datafield tag="906" ind1=" " ind2=" ">
      <subfield code="a">7</subfield>
      <subfield code="b">cbc</subfield>
      <subfield code="c">orignew</subfield>
      <subfield code="d">2</subfield>
      <subfield code="e">ncip</subfield>
      <subfield code="f">19</subfield>
      <subfield code="g">y-gencatlg</subfield>
    </datafield>
    <datafield tag="925" ind1="0" ind2=" ">
      <subfield code="a">acquire</subfield>
      <subfield code="b">Copy 1-4=shelf</subfield>
      <subfield code="x">LL default</subfield>
    </datafield>
    <datafield tag="955" ind1=" " ind2=" ">
      <subfield code="a">by81 to SCD 06-21-91</subfield>
      <subfield code="d">sg18 2003-04-14</subfield>
      <subfield code="c">sg31 2003-05-06</subfield>
      <subfield code="e">sg77 2003-05-06 to  LL CSO Copy 4 (SL conversion)</subfield>
    </datafield>
    <datafield tag="010" ind1=" " ind2=" ">
      <subfield code="a">   90602869 </subfield>
    </datafield>
    <datafield tag="040" ind1=" " ind2=" ">
      <subfield code="a">DLC</subfield>
      <subfield code="c">DLC</subfield>
      <subfield code="d">DLC</subfield>
    </datafield>
    <datafield tag="043" ind1=" " ind2=" ">
      <subfield code="a">n-us---</subfield>
      <subfield code="a">ee-----</subfield>
    </datafield>
    <datafield tag="050" ind1="0" ind2="0">
      <subfield code="a">KF27</subfield>
      <subfield code="b">.E555 1990g</subfield>
    </datafield>
    <datafield tag="110" ind1="1" ind2=" ">
      <subfield code="a">United States.</subfield>
      <subfield code="b">Congress.</subfield>
      <subfield code="b">House.</subfield>
      <subfield code="b">Committee on Energy and Commerce.</subfield>
      <subfield code="b">Subcommittee on Telecommunications and Finance.</subfield>
    </datafield>
    <datafield tag="245" ind1="1" ind2="0">
      <subfield code="a">Telecommunications opportunities in Eastern Europe :</subfield>
      <subfield code="b">hearing before the Subcommittee on Telecommunications and Finance of the Committee on Energy and Commerce, House of Representatives, One Hundred First Congress, second session, May 17, 1990.</subfield>
    </datafield>
    <datafield tag="260" ind1=" " ind2=" ">
      <subfield code="a">Washington :</subfield>
      <subfield code="b">U.S. G.P.O. :</subfield>
      <subfield code="b">For sale by the U.S. G.P.O., Supt. of Docs., Congressional Sales Office,</subfield>
      <subfield code="c">1990.</subfield>
    </datafield>
    <datafield tag="300" ind1=" " ind2=" ">
      <subfield code="a">iii, 148 p. ;</subfield>
      <subfield code="c">24 cm.</subfield>
    </datafield>
    <datafield tag="500" ind1=" " ind2=" ">
      <subfield code="a">"Printed for use of the Committee on Energy and Commerce."</subfield>
    </datafield>
    <datafield tag="500" ind1=" " ind2=" ">
      <subfield code="a">"Serial no. 101-168."</subfield>
    </datafield>
    <datafield tag="650" ind1=" " ind2="0">
      <subfield code="a">Telecommunication</subfield>
      <subfield code="x">Deregulation</subfield>
      <subfield code="z">Europe, Eastern.</subfield>
    </datafield>
    <datafield tag="650" ind1=" " ind2="0">
      <subfield code="a">Telecommunication</subfield>
      <subfield code="z">United States</subfield>
      <subfield code="x">Marketing.</subfield>
    </datafield>
    <datafield tag="650" ind1=" " ind2="0">
      <subfield code="a">Competition, International.</subfield>
    </datafield>
    <datafield tag="710" ind1="1" ind2=" ">
      <subfield code="a">United States.</subfield>
      <subfield code="b">Congress.</subfield>
      <subfield code="b">House.</subfield>
      <subfield code="b">Committee on Energy and Commerce.</subfield>
    </datafield>
    <datafield tag="984" ind1=" " ind2=" ">
      <subfield code="a">gsl</subfield>
    </datafield>
    <datafield tag="922" ind1=" " ind2=" ">
      <subfield code="a">gs</subfield>
    </datafield>
<datafield tag="991" ind1="" ind2="">
<subfield code="p">0018546913A</subfield>
<subfield code="v"></subfield>
<subfield code="u"></subfield>
<subfield code="y"></subfield>
</datafield>

  </record>