
  <record>
    <leader>01925cam a2200421 a 4500</leader>
    <controlfield tag="001">227712</controlfield>
    <controlfield tag="005">20051020084242.0</controlfield>
    <controlfield tag="008">990408s1998    dcu      b   f000 0 eng c</controlfield>
    <datafield tag="035" ind1=" " ind2=" ">
      <subfield code="9">(DLC)   99194566</subfield>
    </datafield>
    <datafield tag="906" ind1=" " ind2=" ">
      <subfield code="a">7</subfield>
      <subfield code="b">cbc</subfield>
      <subfield code="c">copycat</subfield>
      <subfield code="d">2</subfield>
      <subfield code="e">ncip</subfield>
      <subfield code="f">19</subfield>
      <subfield code="g">y-gencatlg</subfield>
    </datafield>
    <datafield tag="925" ind1="0" ind2=" ">
      <subfield code="a">acquire</subfield>
      <subfield code="b">2 shelf copies</subfield>
      <subfield code="x">LL default  03-15-00</subfield>
    </datafield>
    <datafield tag="955" ind1=" " ind2=" ">
      <subfield code="a">NG01 4-8-99;to CAT.; sg47 02-09-00; sg77 03-15-00 to Dewey; aa19 03-24-2000</subfield>
    </datafield>
    <datafield tag="010" ind1=" " ind2=" ">
      <subfield code="a">   99194566 </subfield>
    </datafield>
    <datafield tag="020" ind1=" " ind2=" ">
      <subfield code="a">016057742X</subfield>
    </datafield>
    <datafield tag="035" ind1=" " ind2=" ">
      <subfield code="a">(OCoLC)40490777</subfield>
    </datafield>
    <datafield tag="040" ind1=" " ind2=" ">
      <subfield code="a">DGPO/DLC</subfield>
      <subfield code="c">GPO</subfield>
      <subfield code="d">DLC</subfield>
    </datafield>
    <datafield tag="043" ind1=" " ind2=" ">
      <subfield code="a">n-us---</subfield>
    </datafield>
    <datafield tag="050" ind1="0" ind2="0">
      <subfield code="a">KF27</subfield>
      <subfield code="b">.E555 1998j</subfield>
    </datafield>
    <datafield tag="074" ind1=" " ind2=" ">
      <subfield code="a">1019-A-01</subfield>
    </datafield>
    <datafield tag="074" ind1=" " ind2=" ">
      <subfield code="a">1019-B-01 (MF)</subfield>
    </datafield>
    <datafield tag="082" ind1="0" ind2="0">
      <subfield code="a">381.3/4</subfield>
      <subfield code="2">21</subfield>
    </datafield>
    <datafield tag="086" ind1="0" ind2=" ">
      <subfield code="a">Y 4.C 73/8:105-126</subfield>
    </datafield>
    <datafield tag="088" ind1=" " ind2=" ">
      <subfield code="a">Serial no. 105-126 (United States. Congress. House. Committee on Commerce)</subfield>
    </datafield>
    <datafield tag="110" ind1="1" ind2=" ">
      <subfield code="a">United States.</subfield>
      <subfield code="b">Congress.</subfield>
      <subfield code="b">House.</subfield>
      <subfield code="b">Committee on Commerce.</subfield>
      <subfield code="b">Subcommittee on Telecommunications, Trade, and Consumer Protection.</subfield>
    </datafield>
    <datafield tag="245" ind1="1" ind2="0">
      <subfield code="a">Protecting consumers against cramming and spamming :</subfield>
      <subfield code="b">hearing before the Subcommittee on Telecommunications, Trade, and Consumer Protection of the Committee on Commerce, House of Representatives, One Hundred Fifth Congress, second session, september 28, 1998.</subfield>
    </datafield>
    <datafield tag="260" ind1=" " ind2=" ">
      <subfield code="a">Washington :</subfield>
      <subfield code="b">U.S. G.P.O. :</subfield>
      <subfield code="b">For sale by the U.S. G.P.O., Supt. of Docs., Congressional Sales Office,</subfield>
      <subfield code="c">1998.</subfield>
    </datafield>
    <datafield tag="300" ind1=" " ind2=" ">
      <subfield code="a">iii, 104 p. ;</subfield>
      <subfield code="c">24 cm.</subfield>
    </datafield>
    <datafield tag="500" ind1=" " ind2=" ">
      <subfield code="a">Distributed to some depository libraries in microfiche.</subfield>
    </datafield>
    <datafield tag="500" ind1=" " ind2=" ">
      <subfield code="a">Shipping list no.: 99-0068-P.</subfield>
    </datafield>
    <datafield tag="504" ind1=" " ind2=" ">
      <subfield code="a">Includes bibliographical references.</subfield>
    </datafield>
    <datafield tag="500" ind1=" " ind2=" ">
      <subfield code="a">"Serial no. 105-126."</subfield>
    </datafield>
    <datafield tag="650" ind1=" " ind2="0">
      <subfield code="a">Telecommunication</subfield>
      <subfield code="x">Corrupt practices</subfield>
      <subfield code="z">United States.</subfield>
    </datafield>
    <datafield tag="650" ind1=" " ind2="0">
      <subfield code="a">Telephone companies</subfield>
      <subfield code="x">Corrupt practices</subfield>
      <subfield code="z">United States.</subfield>
    </datafield>
    <datafield tag="650" ind1=" " ind2="0">
      <subfield code="a">Spam (Electronic mail)</subfield>
      <subfield code="z">United States.</subfield>
    </datafield>
    <datafield tag="650" ind1=" " ind2="0">
      <subfield code="a">Fraud</subfield>
      <subfield code="z">United States.</subfield>
    </datafield>
    <datafield tag="650" ind1=" " ind2="0">
      <subfield code="a">Consumer protection</subfield>
      <subfield code="z">United States.</subfield>
    </datafield>
    <datafield tag="610" ind1="1" ind2="0">
      <subfield code="a">United States.</subfield>
      <subfield code="b">Federal Communications Commission.</subfield>
    </datafield>
    <datafield tag="922" ind1=" " ind2=" ">
      <subfield code="a">gs</subfield>
    </datafield>
<datafield tag="991" ind1="" ind2="">
<subfield code="p">00065509076</subfield>
<subfield code="v"></subfield>
<subfield code="u"></subfield>
<subfield code="y"></subfield>
</datafield>

  </record>