
  <record>
    <leader>01561cam a2200313 a 4500</leader>
    <controlfield tag="001">1473547</controlfield>
    <controlfield tag="005">19890624000000.0</controlfield>
    <controlfield tag="008">861008s1986    dcu      b   f000 0 eng c</controlfield>
    <datafield tag="035" ind1=" " ind2=" ">
      <subfield code="9">(DLC)   86602664</subfield>
    </datafield>
    <datafield tag="906" ind1=" " ind2=" ">
      <subfield code="a">7</subfield>
      <subfield code="b">cbc</subfield>
      <subfield code="c">orignew</subfield>
      <subfield code="d">2</subfield>
      <subfield code="e">ncip</subfield>
      <subfield code="f">19</subfield>
      <subfield code="g">y-gencatlg</subfield>
    </datafield>
    <datafield tag="010" ind1=" " ind2=" ">
      <subfield code="a">   86602664 </subfield>
    </datafield>
    <datafield tag="040" ind1=" " ind2=" ">
      <subfield code="a">DGPO/DLC</subfield>
      <subfield code="c">DLC</subfield>
      <subfield code="d">DLC</subfield>
    </datafield>
    <datafield tag="043" ind1=" " ind2=" ">
      <subfield code="a">n-us---</subfield>
    </datafield>
    <datafield tag="050" ind1="0" ind2="0">
      <subfield code="a">KF27</subfield>
      <subfield code="b">.E555 1986</subfield>
    </datafield>
    <datafield tag="082" ind1="0" ind2="0">
      <subfield code="a">353.0082/58</subfield>
      <subfield code="2">19</subfield>
    </datafield>
    <datafield tag="086" ind1="0" ind2=" ">
      <subfield code="a">Y 4.En 2/3:99-94</subfield>
    </datafield>
    <datafield tag="110" ind1="1" ind2=" ">
      <subfield code="a">United States.</subfield>
      <subfield code="b">Congress.</subfield>
      <subfield code="b">House.</subfield>
      <subfield code="b">Committee on Energy and Commerce.</subfield>
      <subfield code="b">Subcommittee on Telecommunications, Consumer Protection, and Finance.</subfield>
    </datafield>
    <datafield tag="245" ind1="1" ind2="0">
      <subfield code="a">SEC oversight :</subfield>
      <subfield code="b">hearings before the Subcommittee on Telecommunications, Consumer Protection, and Finance of the Committee on Energy and Commerce, House of Representatives, Ninety-ninth Congress, on SEC oversight, authorization, and other matters--H.R. 1602, H.R. 1603, and H.R. 1604, March 21, 1985, SEC oversight, March 5, 1986.</subfield>
    </datafield>
    <datafield tag="260" ind1=" " ind2=" ">
      <subfield code="a">Washington :</subfield>
      <subfield code="b">U.S. G.P.O. :</subfield>
      <subfield code="b">For sale by the Supt. of Docs., Congressional Sales Office, U.S. G.P.O.,</subfield>
      <subfield code="c">1986.</subfield>
    </datafield>
    <datafield tag="300" ind1=" " ind2=" ">
      <subfield code="a">iii, 268 p. ;</subfield>
      <subfield code="c">24 cm.</subfield>
    </datafield>
    <datafield tag="500" ind1=" " ind2=" ">
      <subfield code="a">Distributed to some depository libraries in microfiche.</subfield>
    </datafield>
    <datafield tag="500" ind1=" " ind2=" ">
      <subfield code="a">Shipping list no.: 86-742-P.</subfield>
    </datafield>
    <datafield tag="504" ind1=" " ind2=" ">
      <subfield code="a">Includes bibliographical references.</subfield>
    </datafield>
    <datafield tag="500" ind1=" " ind2=" ">
      <subfield code="a">"Serial no. 99-94."</subfield>
    </datafield>
    <datafield tag="500" ind1=" " ind2=" ">
      <subfield code="a">Item 1019-A, 1019-B (microfiche)</subfield>
    </datafield>
    <datafield tag="610" ind1="1" ind2="0">
      <subfield code="a">United States.</subfield>
      <subfield code="b">Securities and Exchange Commission.</subfield>
    </datafield>
    <datafield tag="650" ind1=" " ind2="0">
      <subfield code="a">Securities</subfield>
      <subfield code="z">United States.</subfield>
    </datafield>
    <datafield tag="650" ind1=" " ind2="0">
      <subfield code="a">Stockbrokers</subfield>
      <subfield code="x">Legal status, laws, etc.</subfield>
      <subfield code="z">United States.</subfield>
    </datafield>
    <datafield tag="991" ind1=" " ind2=" ">
      <subfield code="b">c-LL</subfield>
      <subfield code="h">KF27</subfield>
      <subfield code="i">.E555 1986</subfield>
      <subfield code="t">Copy 1</subfield>
      <subfield code="w">BOOKS</subfield>
<subfield code="p">00185460654</subfield>
<subfield code="v"></subfield>
<subfield code="u"></subfield>
<subfield code="y"></subfield>
    </datafield>
  </record>