
  <record>
    <leader>02063nam a2200361 a 4500</leader>
    <controlfield tag="001">1960316</controlfield>
    <controlfield tag="005">19890722144913.2</controlfield>
    <controlfield tag="008">870831s1987    dcua     b   f000 0 eng c</controlfield>
    <datafield tag="035" ind1=" " ind2=" ">
      <subfield code="9">(DLC)   87601599</subfield>
    </datafield>
    <datafield tag="906" ind1=" " ind2=" ">
      <subfield code="a">7</subfield>
      <subfield code="b">cbc</subfield>
      <subfield code="c">orignew</subfield>
      <subfield code="d">2</subfield>
      <subfield code="e">ncip</subfield>
      <subfield code="f">19</subfield>
      <subfield code="g">y-gencatlg</subfield>
    </datafield>
    <datafield tag="955" ind1=" " ind2=" ">
      <subfield code="a">fe05 9-14-87</subfield>
    </datafield>
    <datafield tag="010" ind1=" " ind2=" ">
      <subfield code="a">   87601599 </subfield>
    </datafield>
    <datafield tag="040" ind1=" " ind2=" ">
      <subfield code="a">DGPO/DLC</subfield>
      <subfield code="c">DLC</subfield>
      <subfield code="d">DLC</subfield>
    </datafield>
    <datafield tag="043" ind1=" " ind2=" ">
      <subfield code="a">n-us---</subfield>
    </datafield>
    <datafield tag="050" ind1="0" ind2="0">
      <subfield code="a">KF27</subfield>
      <subfield code="b">.E555 1986h</subfield>
    </datafield>
    <datafield tag="082" ind1="0" ind2="0">
      <subfield code="a">363.17/0973</subfield>
      <subfield code="2">20</subfield>
    </datafield>
    <datafield tag="086" ind1="0" ind2=" ">
      <subfield code="a">Y 4.En 2/3:99-169</subfield>
    </datafield>
    <datafield tag="110" ind1="1" ind2=" ">
      <subfield code="a">United States.</subfield>
      <subfield code="b">Congress.</subfield>
      <subfield code="b">House.</subfield>
      <subfield code="b">Committee on Energy and Commerce.</subfield>
      <subfield code="b">Subcommittee on Telecommunications, Consumer Protection, and Finance.</subfield>
    </datafield>
    <datafield tag="245" ind1="1" ind2="0">
      <subfield code="a">Hazardous materials transportation :</subfield>
      <subfield code="b">joint hearing before the Subcommittee on Telecommunications, Consumer Protection, and Finance and the Subcommittee on Commerce, Transportation, and Tourism of the Committee on Energy and Commerce and the Subcommittee on Government Activities and Transportation of the Committee on Government Operations, House of Representatives, Ninety-ninth Congress, second session, on H.R. 4612 ... July 16, 1986.</subfield>
    </datafield>
    <datafield tag="260" ind1=" " ind2=" ">
      <subfield code="a">Washington :</subfield>
      <subfield code="b">U.S. G.P.O. :</subfield>
      <subfield code="b">For sale by the Supt. of Docs., Congressional Sales Office, U.S. G.P.O.,</subfield>
      <subfield code="c">c1987.</subfield>
    </datafield>
    <datafield tag="300" ind1=" " ind2=" ">
      <subfield code="a">v, 291 p. :</subfield>
      <subfield code="b">ill. ;</subfield>
      <subfield code="c">24 cm.</subfield>
    </datafield>
    <datafield tag="500" ind1=" " ind2=" ">
      <subfield code="a">Distributed to some depository libraries in microfiche.</subfield>
    </datafield>
    <datafield tag="500" ind1=" " ind2=" ">
      <subfield code="a">Shipping list no.: 87-299-P.</subfield>
    </datafield>
    <datafield tag="504" ind1=" " ind2=" ">
      <subfield code="a">Includes bibliographies.</subfield>
    </datafield>
    <datafield tag="500" ind1=" " ind2=" ">
      <subfield code="a">"Serial no. 99-169."</subfield>
    </datafield>
    <datafield tag="500" ind1=" " ind2=" ">
      <subfield code="a">Item 1019-A, 1019-B (microfiche)</subfield>
    </datafield>
    <datafield tag="650" ind1=" " ind2="0">
      <subfield code="a">Hazardous substances</subfield>
      <subfield code="x">Transportation</subfield>
      <subfield code="x">Law and legislation</subfield>
      <subfield code="z">United States.</subfield>
    </datafield>
    <datafield tag="650" ind1=" " ind2="0">
      <subfield code="a">Radioactive substances</subfield>
      <subfield code="x">Safety regulations</subfield>
      <subfield code="z">United States.</subfield>
    </datafield>
    <datafield tag="610" ind1="1" ind2="0">
      <subfield code="a">United States.</subfield>
      <subfield code="b">National Highway Traffic Safety Administration.</subfield>
    </datafield>
    <datafield tag="710" ind1="1" ind2=" ">
      <subfield code="a">United States.</subfield>
      <subfield code="b">Congress.</subfield>
      <subfield code="b">House.</subfield>
      <subfield code="b">Committee on Energy and Commerce.</subfield>
      <subfield code="b">Subcommittee on Commerce, Transportation, and Tourism.</subfield>
    </datafield>
    <datafield tag="710" ind1="1" ind2=" ">
      <subfield code="a">United States.</subfield>
      <subfield code="b">Congress.</subfield>
      <subfield code="b">House.</subfield>
      <subfield code="b">Committee on Government Operations.</subfield>
      <subfield code="b">Government Activities and Transportation Subcommittee.</subfield>
    </datafield>
    <datafield tag="922" ind1=" " ind2=" ">
      <subfield code="a">gs</subfield>
    </datafield>
    <datafield tag="991" ind1=" " ind2=" ">
      <subfield code="b">c-LL</subfield>
      <subfield code="h">KF27</subfield>
      <subfield code="i">.E555 1986h</subfield>
      <subfield code="t">Copy 1</subfield>
      <subfield code="w">BOOKS</subfield>
<subfield code="p">00158541907</subfield>
<subfield code="v"></subfield>
<subfield code="u"></subfield>
<subfield code="y"></subfield>
    </datafield>
  </record>