
  <record>
    <leader>01164nam a2200265 a 4500</leader>
    <controlfield tag="001">3293076</controlfield>
    <controlfield tag="005">19820430000000.0</controlfield>
    <controlfield tag="008">820429s1981    dcu          f000 0 eng c</controlfield>
    <datafield tag="035" ind1=" " ind2=" ">
      <subfield code="9">(DLC)   82601066</subfield>
    </datafield>
    <datafield tag="906" ind1=" " ind2=" ">
      <subfield code="a">7</subfield>
      <subfield code="b">cbc</subfield>
      <subfield code="c">orignew</subfield>
      <subfield code="d">2</subfield>
      <subfield code="e">ncip</subfield>
      <subfield code="f">19</subfield>
      <subfield code="g">y-gencatlg</subfield>
    </datafield>
    <datafield tag="010" ind1=" " ind2=" ">
      <subfield code="a">   82601066 </subfield>
    </datafield>
    <datafield tag="040" ind1=" " ind2=" ">
      <subfield code="a">DGPO/DLC</subfield>
      <subfield code="c">DLC</subfield>
      <subfield code="d">DLC</subfield>
    </datafield>
    <datafield tag="043" ind1=" " ind2=" ">
      <subfield code="a">n-us---</subfield>
    </datafield>
    <datafield tag="050" ind1="0" ind2="0">
      <subfield code="a">KF27</subfield>
      <subfield code="b">.E555 1981d</subfield>
    </datafield>
    <datafield tag="082" ind1="0" ind2="0">
      <subfield code="a">338.6/42/0973</subfield>
      <subfield code="2">19</subfield>
    </datafield>
    <datafield tag="086" ind1="0" ind2=" ">
      <subfield code="a">Y 4.En 2/3:97-52</subfield>
    </datafield>
    <datafield tag="110" ind1="1" ind2=" ">
      <subfield code="a">United States.</subfield>
      <subfield code="b">Congress.</subfield>
      <subfield code="b">House.</subfield>
      <subfield code="b">Committee on Energy and Commerce.</subfield>
      <subfield code="b">Subcommittee on Telecommunications, Consumer Protection, and Finance.</subfield>
    </datafield>
    <datafield tag="245" ind1="1" ind2="0">
      <subfield code="a">Access to capital by small business :</subfield>
      <subfield code="b">hearing before the Subcommittee on Telecommunications, Consumer Protection, and Finance of the Committee on Energy and Commerce, House of Representatives, Ninety-seventh Congress, first session, July 17, 1981.</subfield>
    </datafield>
    <datafield tag="260" ind1=" " ind2=" ">
      <subfield code="a">Washington :</subfield>
      <subfield code="b">U.S. G.P.O.,</subfield>
      <subfield code="c">1981.</subfield>
    </datafield>
    <datafield tag="300" ind1=" " ind2=" ">
      <subfield code="a">iii, 112 p. ;</subfield>
      <subfield code="c">24 cm.</subfield>
    </datafield>
    <datafield tag="500" ind1=" " ind2=" ">
      <subfield code="a">"Serial no. 97-52."</subfield>
    </datafield>
    <datafield tag="500" ind1=" " ind2=" ">
      <subfield code="a">Item 1019-A, 1019-B (microfiche)</subfield>
    </datafield>
    <datafield tag="650" ind1=" " ind2="0">
      <subfield code="a">Small business</subfield>
      <subfield code="z">United States</subfield>
      <subfield code="x">Finance.</subfield>
    </datafield>
    <datafield tag="650" ind1=" " ind2="0">
      <subfield code="a">Capital investments</subfield>
      <subfield code="z">United States.</subfield>
    </datafield>
    <datafield tag="991" ind1=" " ind2=" ">
      <subfield code="b">c-LL</subfield>
      <subfield code="h">KF27</subfield>
      <subfield code="i">.E555 1981d</subfield>
      <subfield code="t">Copy 1</subfield>
      <subfield code="w">BOOKS</subfield>
<subfield code="p">00185468987</subfield>
<subfield code="v"></subfield>
<subfield code="u"></subfield>
<subfield code="y"></subfield>
    </datafield>
  </record>