
  <record>
    <leader>01381cam a2200289 a 4500</leader>
    <controlfield tag="001">4729380</controlfield>
    <controlfield tag="005">19900430080710.1</controlfield>
    <controlfield tag="008">840123s1983    dcua     b   f000 0 eng c</controlfield>
    <datafield tag="035" ind1=" " ind2=" ">
      <subfield code="9">(DLC)   83603552</subfield>
    </datafield>
    <datafield tag="906" ind1=" " ind2=" ">
      <subfield code="a">7</subfield>
      <subfield code="b">cbc</subfield>
      <subfield code="c">orignew</subfield>
      <subfield code="d">2</subfield>
      <subfield code="e">ncip</subfield>
      <subfield code="f">19</subfield>
      <subfield code="g">y-gencatlg</subfield>
    </datafield>
    <datafield tag="010" ind1=" " ind2=" ">
      <subfield code="a">   83603552 </subfield>
    </datafield>
    <datafield tag="040" ind1=" " ind2=" ">
      <subfield code="a">DGPO/DLC</subfield>
      <subfield code="c">DLC</subfield>
      <subfield code="d">DLC</subfield>
    </datafield>
    <datafield tag="043" ind1=" " ind2=" ">
      <subfield code="a">n-us---</subfield>
    </datafield>
    <datafield tag="050" ind1="0" ind2="0">
      <subfield code="a">KF27</subfield>
      <subfield code="b">.E555 1983i</subfield>
    </datafield>
    <datafield tag="082" ind1="0" ind2="0">
      <subfield code="a">343.73/09945</subfield>
      <subfield code="a">347.3039945</subfield>
      <subfield code="2">19</subfield>
    </datafield>
    <datafield tag="086" ind1="0" ind2=" ">
      <subfield code="a">Y 4.En 2/3:98-57</subfield>
    </datafield>
    <datafield tag="110" ind1="1" ind2=" ">
      <subfield code="a">United States.</subfield>
      <subfield code="b">Congress.</subfield>
      <subfield code="b">House.</subfield>
      <subfield code="b">Committee on Energy and Commerce.</subfield>
      <subfield code="b">Subcommittee on Telecommunications, Consumer Protection, and Finance.</subfield>
    </datafield>
    <datafield tag="245" ind1="1" ind2="0">
      <subfield code="a">Parity for minorities in the media :</subfield>
      <subfield code="b">hearing before the Subcommittee on Telecommunications, Consumer Protection, and Finance of the Committee on Energy and Commerce, House of Representatives, Ninety-eighth Congress, first session on H.R. 1155 ... June 6, 1983.</subfield>
    </datafield>
    <datafield tag="260" ind1=" " ind2=" ">
      <subfield code="a">Washington :</subfield>
      <subfield code="b">U.S. G.P.O.,</subfield>
      <subfield code="c">1983.</subfield>
    </datafield>
    <datafield tag="300" ind1=" " ind2=" ">
      <subfield code="a">346 p. :</subfield>
      <subfield code="b">1 ill. ;</subfield>
      <subfield code="c">24 cm.</subfield>
    </datafield>
    <datafield tag="500" ind1=" " ind2=" ">
      <subfield code="a">Distributed to some depository libraries in microfiche.</subfield>
    </datafield>
    <datafield tag="504" ind1=" " ind2=" ">
      <subfield code="a">Bibliography: p. 252-260.</subfield>
    </datafield>
    <datafield tag="500" ind1=" " ind2=" ">
      <subfield code="a">"Serial no. 98-57."</subfield>
    </datafield>
    <datafield tag="500" ind1=" " ind2=" ">
      <subfield code="a">Item 1019-A, 1019-B (microfiche)</subfield>
    </datafield>
    <datafield tag="650" ind1=" " ind2="0">
      <subfield code="a">Minorities in broadcasting</subfield>
      <subfield code="x">Legal status, laws, etc.</subfield>
      <subfield code="z">United States.</subfield>
    </datafield>
    <datafield tag="650" ind1=" " ind2="0">
      <subfield code="a">Minorities in television broadcasting</subfield>
      <subfield code="x">Legal status, laws, etc.</subfield>
      <subfield code="z">United States.</subfield>
    </datafield>
    <datafield tag="991" ind1=" " ind2=" ">
      <subfield code="b">c-LL</subfield>
      <subfield code="h">KF27</subfield>
      <subfield code="i">.E555 1983i</subfield>
      <subfield code="t">Copy 1</subfield>
      <subfield code="w">BOOKS</subfield>
<subfield code="p">00185468173</subfield>
<subfield code="v"></subfield>
<subfield code="u"></subfield>
<subfield code="y"></subfield>
    </datafield>
  </record>