
  <record>
    <leader>01217nam a2200277 a 4500</leader>
    <controlfield tag="001">4828862</controlfield>
    <controlfield tag="005">19900628072508.4</controlfield>
    <controlfield tag="008">900416s1989    dcu      b   f000 0 eng  </controlfield>
    <datafield tag="035" ind1=" " ind2=" ">
      <subfield code="9">(DLC)   89603192</subfield>
    </datafield>
    <datafield tag="906" ind1=" " ind2=" ">
      <subfield code="a">7</subfield>
      <subfield code="b">cbc</subfield>
      <subfield code="c">orignew</subfield>
      <subfield code="d">2</subfield>
      <subfield code="e">ncip</subfield>
      <subfield code="f">19</subfield>
      <subfield code="g">y-gencatlg</subfield>
    </datafield>
    <datafield tag="955" ind1=" " ind2=" ">
      <subfield code="a">by45 to bt00 04-16-90;ba28 5-31-90; fe18 06-05-90</subfield>
    </datafield>
    <datafield tag="010" ind1=" " ind2=" ">
      <subfield code="a">   89603192 </subfield>
    </datafield>
    <datafield tag="040" ind1=" " ind2=" ">
      <subfield code="a">DLC</subfield>
      <subfield code="c">DLC</subfield>
    </datafield>
    <datafield tag="043" ind1=" " ind2=" ">
      <subfield code="a">n-us---</subfield>
    </datafield>
    <datafield tag="050" ind1="0" ind2="0">
      <subfield code="a">KF27</subfield>
      <subfield code="b">.E555 1989r</subfield>
    </datafield>
    <datafield tag="082" ind1="0" ind2="0">
      <subfield code="a">346.73/092/0262</subfield>
      <subfield code="a">347.306920262</subfield>
      <subfield code="2">20</subfield>
    </datafield>
    <datafield tag="110" ind1="1" ind2=" ">
      <subfield code="a">United States.</subfield>
      <subfield code="b">Congress.</subfield>
      <subfield code="b">House.</subfield>
      <subfield code="b">Committee on Energy and Commerce.</subfield>
      <subfield code="b">Subcommittee on Telecommunications and Finance.</subfield>
    </datafield>
    <datafield tag="245" ind1="1" ind2="0">
      <subfield code="a">Securities laws enforcement :</subfield>
      <subfield code="b">hearing before the Subcommittee on Telecommunications and Finance of the Committee on Energy and Commerce, House of Representatives, One Hundred First Congress, first session on H.R. 975 ... .</subfield>
    </datafield>
    <datafield tag="260" ind1=" " ind2=" ">
      <subfield code="a">Washington, D.C. :</subfield>
      <subfield code="b">U.S. G.P.O. :</subfield>
      <subfield code="b">For sale by the Supt. of Docs., Congressional Sales Office,</subfield>
      <subfield code="c">1989.</subfield>
    </datafield>
    <datafield tag="300" ind1=" " ind2=" ">
      <subfield code="a">iii, 167 p. ;</subfield>
      <subfield code="c">24 cm.</subfield>
    </datafield>
    <datafield tag="500" ind1=" " ind2=" ">
      <subfield code="a">"July 19, 1989."</subfield>
    </datafield>
    <datafield tag="500" ind1=" " ind2=" ">
      <subfield code="a">"Serial no. 101-55."</subfield>
    </datafield>
    <datafield tag="504" ind1=" " ind2=" ">
      <subfield code="a">Includes bibliographical references.</subfield>
    </datafield>
    <datafield tag="650" ind1=" " ind2="0">
      <subfield code="a">Securities</subfield>
      <subfield code="z">United States.</subfield>
    </datafield>
    <datafield tag="922" ind1=" " ind2=" ">
      <subfield code="a">gs</subfield>
    </datafield>
    <datafield tag="991" ind1=" " ind2=" ">
      <subfield code="b">c-LL</subfield>
      <subfield code="h">KF27</subfield>
      <subfield code="i">.E555 1989r</subfield>
      <subfield code="t">Copy 1</subfield>
      <subfield code="w">BOOKS</subfield>
<subfield code="p">0018546832A</subfield>
<subfield code="v"></subfield>
<subfield code="u"></subfield>
<subfield code="y"></subfield>
    </datafield>
  </record>